<record><leader>00000cas a22000007a 4500</leader><controlfield tag="001">17795880</controlfield><controlfield tag="008">880415d19871996txuwn ne      0   a0eng d</controlfield><datafield ind1=" " ind2=" " tag="010"><subfield code="a">sn 88083341 </subfield></datafield><datafield ind1=" " ind2=" " tag="040"><subfield code="a">PPM</subfield><subfield code="b">eng</subfield><subfield code="c">PPM</subfield><subfield code="d">NSD</subfield><subfield code="d">OCLCQ</subfield></datafield><datafield ind1=" " ind2=" " tag="012"><subfield code="j">0</subfield><subfield code="k">1</subfield><subfield code="m">d</subfield></datafield><datafield ind1="1" ind2=" " tag="022"><subfield code="a">1041-3081</subfield><subfield code="l">1041-3081</subfield><subfield code="2">1</subfield></datafield><datafield ind1=" " ind2=" " tag="037"><subfield code="b">Crowley Review, POB 300, Crowley, TX 76036</subfield></datafield><datafield ind1=" " ind2=" " tag="042"><subfield code="a">msc</subfield><subfield code="a">nsdp</subfield></datafield><datafield ind1=" " ind2="0" tag="222"><subfield code="a">Crowley review</subfield></datafield><datafield ind1="0" ind2="0" tag="245"><subfield code="a">Crowley review.</subfield></datafield><datafield ind1=" " ind2=" " tag="260"><subfield code="a">Crowley, Tex. :</subfield><subfield code="b">Crowley Pub. Co.,</subfield><subfield code="c">1987-</subfield></datafield><datafield ind1=" " ind2=" " tag="300"><subfield code="a">v.</subfield></datafield><datafield ind1=" " ind2=" " tag="310"><subfield code="a">Fifty-one weeks (except 1st week of July),</subfield><subfield code="b">&lt;Aug. 3, 1989-&gt;</subfield></datafield><datafield ind1=" " ind2=" " tag="321"><subfield code="a">Weekly,</subfield><subfield code="b">&lt;1987-&gt;</subfield></datafield><datafield ind1="0" ind2=" " tag="362"><subfield code="a">Vol. 1, no. 1 (May 7, 1987)-</subfield></datafield><datafield ind1=" " ind2=" " tag="588"><subfield code="a">Latest issue consulted: Vol. 3, no. 12 (Thursday, Aug. 3, 1989).</subfield></datafield><datafield ind1=" " ind2=" " tag="752"><subfield code="a">United States</subfield><subfield code="b">Texas</subfield><subfield code="c">Tarrant</subfield><subfield code="d">Crowley.</subfield></datafield><datafield ind1="0" ind2="0" tag="785"><subfield code="t">Crowley star-review</subfield><subfield code="x">1092-4965</subfield><subfield code="w">(DLC)sn 97005930</subfield></datafield><datafield ind1="1" ind2=" " tag="029"><subfield code="a">AU@</subfield><subfield code="b">000025798517</subfield></datafield></record>